<?xml version="1.0" encoding="UTF-8"?>
<searchResponse xmlns:marcx="info:lc/xmlns/marcxchange-v1" xmlns="http://oss.dbc.dk/ns/opensearch">
  <result>
    <hitCount>1</hitCount>
    <collectionCount>1</collectionCount>
    <more>false</more>
    <searchResult>
      <collection>
        <resultPosition>1</resultPosition>
        <numberOfObjects>1</numberOfObjects>
        <object>
          <marcx:collection>
            <marcx:record format="danMARC2" type="Bibliographic">
              <marcx:leader>00000n 2200000 4500</marcx:leader>
              <marcx:datafield ind1="0" ind2="0" tag="001">
                <marcx:subfield code="a">34276501</marcx:subfield>
                <marcx:subfield code="b">870971</marcx:subfield>
                <marcx:subfield code="c">20100915133320</marcx:subfield>
                <marcx:subfield code="d">20100915</marcx:subfield>
                <marcx:subfield code="f">a</marcx:subfield>
              </marcx:datafield>
              <marcx:datafield ind1="0" ind2="0" tag="004">
                <marcx:subfield code="r">n</marcx:subfield>
                <marcx:subfield code="a">i</marcx:subfield>
              </marcx:datafield>
              <marcx:datafield ind1="0" ind2="0" tag="008">
                <marcx:subfield code="t">a</marcx:subfield>
                <marcx:subfield code="u">f</marcx:subfield>
                <marcx:subfield code="a">2010</marcx:subfield>
                <marcx:subfield code="b">dk</marcx:subfield>
                <marcx:subfield code="d">y</marcx:subfield>
                <marcx:subfield code="l">dan</marcx:subfield>
                <marcx:subfield code="r">ap</marcx:subfield>
                <marcx:subfield code="v">0</marcx:subfield>
              </marcx:datafield>
              <marcx:datafield ind1="0" ind2="0" tag="009">
                <marcx:subfield code="a">a</marcx:subfield>
                <marcx:subfield code="g">xx</marcx:subfield>
              </marcx:datafield>
              <marcx:datafield ind1="0" ind2="0" tag="016">
                <marcx:subfield code="a">06082092</marcx:subfield>
              </marcx:datafield>
              <marcx:datafield ind1="0" ind2="0" tag="032">
                <marcx:subfield code="a">ABU201038</marcx:subfield>
                <marcx:subfield code="a">DAR201038</marcx:subfield>
              </marcx:datafield>
              <marcx:datafield ind1="0" ind2="0" tag="086">
                <marcx:subfield code="a">Enkelte lokaliteter</marcx:subfield>
              </marcx:datafield>
              <marcx:datafield ind1="0" ind2="0" tag="245">
                <marcx:subfield code="a">En ¤bid af Barcelona</marcx:subfield>
              </marcx:datafield>
              <marcx:datafield ind1="0" ind2="0" tag="300">
                <marcx:subfield code="a">S. 48-50</marcx:subfield>
                <marcx:subfield code="b">ill.</marcx:subfield>
              </marcx:datafield>
              <marcx:datafield ind1="0" ind2="0" tag="504">
                <marcx:subfield code="a">Man kan få flere uger til at gå i Barcelona uden at kede sig. Et besøg i den
                  catalonske hovedstad er i lige så høj grad et spørgsmål om at vælge fra som at vælge til
                </marcx:subfield>
              </marcx:datafield>
              <marcx:datafield ind1="0" ind2="0" tag="557">
                <marcx:subfield code="a">Motor</marcx:subfield>
                <marcx:subfield code="j">2010</marcx:subfield>
                <marcx:subfield code="z">0047-8199</marcx:subfield>
                <marcx:subfield code="V">Nr. 0009 (2010)</marcx:subfield>
                <marcx:subfield code="v">Nr. 9 (2010)</marcx:subfield>
              </marcx:datafield>
              <marcx:datafield ind1="0" ind2="0" tag="652">
                <marcx:subfield code="m">47.44</marcx:subfield>
                <marcx:subfield code="b">Barcelona</marcx:subfield>
              </marcx:datafield>
              <marcx:datafield ind1="0" ind2="0" tag="666">
                <marcx:subfield code="0"></marcx:subfield>
                <marcx:subfield code="e">Spanien</marcx:subfield>
              </marcx:datafield>
              <marcx:datafield ind1="0" ind2="0" tag="666">
                <marcx:subfield code="0"></marcx:subfield>
                <marcx:subfield code="e">Barcelona</marcx:subfield>
              </marcx:datafield>
              <marcx:datafield ind1="0" ind2="0" tag="700">
                <marcx:subfield code="å">1</marcx:subfield>
                <marcx:subfield code="a">Wendt Jensen</marcx:subfield>
                <marcx:subfield code="h">Anders</marcx:subfield>
              </marcx:datafield>
              <marcx:datafield ind1="0" ind2="0" tag="900">
                <marcx:subfield code="a">Jensen</marcx:subfield>
                <marcx:subfield code="h">Anders Wendt</marcx:subfield>
                <marcx:subfield code="z">700/1</marcx:subfield>
              </marcx:datafield>
              <marcx:datafield ind1="0" ind2="0" tag="996">
                <marcx:subfield code="a">DBC</marcx:subfield>
              </marcx:datafield>
            </marcx:record>
          </marcx:collection>
          <identifier>870971-tsart:34276501</identifier>
          <primaryObjectIdentifier>870971-tsart:34276501</primaryObjectIdentifier>
          <recordStatus>active</recordStatus>
          <creationDate>2010-09-15</creationDate>
          <formatsAvailable>
            <format>dkabm</format>
            <format>marcxchange</format>
          </formatsAvailable>
        </object>
      </collection>
    </searchResult>
    <facetResult></facetResult>
    <statInfo>
      <fedoraRecordsCached>1</fedoraRecordsCached>
      <fedoraRecordsRead>0</fedoraRecordsRead>
      <time>0.476408</time>
      <trackingId>os:2018-06-14T11:09:50:002059:8279</trackingId>
    </statInfo>
  </result>
</searchResponse>
